@inproceedings {Apery-1979,
       author = {Ap{\'e}ry, Roger},
    booktitle = {Journ\'ees {A}rithm\'etiques de {L}uminy},
     mrnumber = {556662},
         note = {Colloque International du Centre National de la Recherche Scientifique (CNRS) held at the Centre Universitaire de Luminy, Luminy, June 20--24, 1978},
        pages = {11--13},
    publisher = {Soci\'et\'e Math\'ematique de France, Paris},
       series = {Ast\'erisque},
        title = {Irrationalit\'e de $\zeta (2)$ et $\zeta (3)$},
       volume = {61},
         year = {1979},
}

%%%%%%%%%%%%%%%%%%%%%%%%%%%%%%%%%%%%%%%%%%%%%%%%%%%%%%%%%%%%%%%%%%%%%%%%%%%%%%%%

@book {Arakawa-Ibukiyama-Kaneko-2014,
       author = {Arakawa, Tsuneo and Ibukiyama, Tomoyoshi and Kaneko, Masanobu},
          doi = {10.1007/978-4-431-54919-2},
         isbn = {978-4-431-54918-5; 978-4-431-54919-2},
     mrnumber = {3307736},
         note = {With an appendix by Don Zagier},
        pages = {xii+274},
    publisher = {Springer, Tokyo},
       series = {Springer Monographs in Mathematics},
        title = {Bernoulli numbers and zeta functions},
          url = {http://dx.doi.org/10.1007/978-4-431-54919-2},
         year = {2014},
}

%%%%%%%%%%%%%%%%%%%%%%%%%%%%%%%%%%%%%%%%%%%%%%%%%%%%%%%%%%%%%%%%%%%%%%%%%%%%%%%%

@incollection {Artin-Verdier-64,
      address = {Providence, R.I.},
       author = {Artin, Michael and Verdier, Jean-Louis},
    booktitle = {Lecture notes prepared in connection with the seminars held at the summer institute on algebraic geometry. Whitney estate, Woods hole, Massachusetts. July 6 -- July 31, 1964},
    publisher = {American Mathematical Society},
        title = {Seminar on Ã©tale cohomology of number fields},
          url = {http://www.jmilne.org/math/Documents/woodshole3.pdf},
         year = {1964},
}

%%%%%%%%%%%%%%%%%%%%%%%%%%%%%%%%%%%%%%%%%%%%%%%%%%%%%%%%%%%%%%%%%%%%%%%%%%%%%%%%

@book {Atiyah-1967,
       author = {Atiyah, M. F.},
     mrnumber = {0224083},
        pages = {v+166+xlix},
    publisher = {W. A. Benjamin, Inc., New York-Amsterdam},
       series = {Lecture notes by D. W. Anderson},
        title = {{$K$}-theory},
         year = {1967},
}

%%%%%%%%%%%%%%%%%%%%%%%%%%%%%%%%%%%%%%%%%%%%%%%%%%%%%%%%%%%%%%%%%%%%%%%%%%%%%%%%

@article {Bass-Milnor-Serre-1967,
      author = {Bass, Hyman and Milnor, John W. and Serre, Jean-Pierre},
     journal = {Institut des Hautes \'Etudes Scientifiques. Publications Math\'ematiques},
    mrnumber = {0244257},
      number = {33},
       pages = {59--137},
       title = {Solution of the congruence subgroup problem for {$SL_n$ $(n\ge 3)$} and {$Sp_{2n}$ $(n\geq 2)$}},
         url = {http://numdam.org/item?id=PMIHES_1967__33__59_0},
        year = {1967},
}

%%%%%%%%%%%%%%%%%%%%%%%%%%%%%%%%%%%%%%%%%%%%%%%%%%%%%%%%%%%%%%%%%%%%%%%%%%%%%%%%

@incollection {Beilinson-1984,
       author = {Be\u\i{}linson, Alexander},
    booktitle = {Current problems in mathematics, {V}ol. 24},
          doi = {10.1007/BF02105861},
          key = {Bei1984},
     mrnumber = {760999},
        pages = {181--238},
    publisher = {Akad. Nauk SSSR, Vsesoyuz. Inst. Nauchn. i Tekhn. Inform., Moscow},
       series = {Itogi Nauki i Tekhniki},
        title = {Higher regulators and values of {$L$}-functions},
          url = {http://dx.doi.org/10.1007/BF02105861},
         year = {1984},
}

%%%%%%%%%%%%%%%%%%%%%%%%%%%%%%%%%%%%%%%%%%%%%%%%%%%%%%%%%%%%%%%%%%%%%%%%%%%%%%%%

@incollection {Beilinson-Bernstein-Deligne,
       author = {Be\u\i{}linson, Alexander and Bernstein, Joseph and Deligne, Pierre},
    booktitle = {Analysis and topology on singular spaces, {I} ({L}uminy, 1981)},
     mrnumber = {751966},
        pages = {5--171},
    publisher = {Soc. Math. France, Paris},
       series = {Ast\'erisque},
        title = {Faisceaux pervers},
          url = {http://publications.ias.edu/sites/default/files/Faisceaux%20pervers.pdf},
       volume = {100},
         year = {1982},
}

%%%%%%%%%%%%%%%%%%%%%%%%%%%%%%%%%%%%%%%%%%%%%%%%%%%%%%%%%%%%%%%%%%%%%%%%%%%%%%%%

@book {Bernoulli-1713,
       author = {Bernoulli, Jacob},
        pages = {296},
    publisher = {Impensis Thurnisiorum, fratrum},
        title = {Ars Conjectandi},
          url = {http://books.google.com/books?id=kD4PAAAAQAAJ},
         year = {1713},
}

%%%%%%%%%%%%%%%%%%%%%%%%%%%%%%%%%%%%%%%%%%%%%%%%%%%%%%%%%%%%%%%%%%%%%%%%%%%%%%%%

@article {Bhatt-Scholze-pro-etale,
     author = {Bhatt, Bhargav and Scholze, Peter},
    journal = {ArXiv e-prints},
      title = {The pro-\'etale topology for schemes},
        url = {http://arxiv.org/abs/1309.1198},
       year = {2013},
}

%%%%%%%%%%%%%%%%%%%%%%%%%%%%%%%%%%%%%%%%%%%%%%%%%%%%%%%%%%%%%%%%%%%%%%%%%%%%%%%%

@article {Bloch-1986,
      author = {Bloch, Spencer},
         doi = {10.1016/0001-8708(86)90081-2},
    fjournal = {Advances in Mathematics},
        issn = {0001-8708},
     journal = {Adv. in Math.},
    mrnumber = {852815},
      number = {3},
       pages = {267--304},
       title = {Algebraic cycles and higher {$K$}-theory},
         url = {http://dx.doi.org/10.1016/0001-8708(86)90081-2},
      volume = {61},
        year = {1986},
}

%%%%%%%%%%%%%%%%%%%%%%%%%%%%%%%%%%%%%%%%%%%%%%%%%%%%%%%%%%%%%%%%%%%%%%%%%%%%%%%%

@incollection {Bloch-1986-Lefschetz,
       author = {Bloch, Spencer},
    booktitle = {The {L}efschetz centennial conference, {P}art {I} ({M}exico {C}ity, 1984)},
     mrnumber = {860404},
        pages = {65--79},
    publisher = {Amer. Math. Soc., Providence, RI},
       series = {Contemp. Math.},
        title = {Algebraic cycles and the {B}e\u\i linson conjectures},
          url = {https://doi.org/10.1090/conm/058.1/860404},
       volume = {58},
         year = {1986},
}

%%%%%%%%%%%%%%%%%%%%%%%%%%%%%%%%%%%%%%%%%%%%%%%%%%%%%%%%%%%%%%%%%%%%%%%%%%%%%%%%

@misc {Bloch-cubical,
       author = {Bloch, Spencer},
         note = {Unpublished. Available on the webpage of {S}pencer {B}loch},
    publisher = {University of Chicago},
        title = {Basic definition and Properties of Higher Chow groups},
          url = {http://www.math.uchicago.edu/~bloch/cubical_chow.pdf},
         year = {2005},
}

%%%%%%%%%%%%%%%%%%%%%%%%%%%%%%%%%%%%%%%%%%%%%%%%%%%%%%%%%%%%%%%%%%%%%%%%%%%%%%%%

@article {Bloch-moving-lemma,
      author = {Bloch, Spencer},
    fjournal = {Journal of Algebraic Geometry},
        issn = {1056-3911},
     journal = {J. Algebraic Geom.},
    mrnumber = {1269719},
      number = {3},
       pages = {537--568},
       title = {The moving lemma for higher {C}how groups},
      volume = {3},
        year = {1994},
}

%%%%%%%%%%%%%%%%%%%%%%%%%%%%%%%%%%%%%%%%%%%%%%%%%%%%%%%%%%%%%%%%%%%%%%%%%%%%%%%%

@article {Borel-1974,
      author = {Borel, Armand},
     journal = {Annales scientifiques de l'\'E.N.S.},
    mrnumber = {0387496},
      number = {2},
       pages = {235--272},
       title = {Stable real cohomology of arithmetic groups},
         url = {http://numdam.org/item?id=ASENS_1974_4_7_2_235_0},
      volume = {7},
        year = {1974},
}

%%%%%%%%%%%%%%%%%%%%%%%%%%%%%%%%%%%%%%%%%%%%%%%%%%%%%%%%%%%%%%%%%%%%%%%%%%%%%%%%

@article {Brown-1974,
      author = {Brown, Kenneth S.},
    fjournal = {Inventiones Mathematicae},
        issn = {0020-9910},
     journal = {Invent. Math.},
    mrnumber = {0385007},
       pages = {229--264},
       title = {Euler characteristics of discrete groups and {$G$}-spaces},
      volume = {27},
        year = {1974},
}

%%%%%%%%%%%%%%%%%%%%%%%%%%%%%%%%%%%%%%%%%%%%%%%%%%%%%%%%%%%%%%%%%%%%%%%%%%%%%%%%

@book {Brown-1994,
      address = {New York},
       author = {Brown, Kenneth S.},
         isbn = {0-387-90688-6},
     mrnumber = {1324339},
         note = {Corrected reprint of the 1982 original},
        pages = {x+306},
    publisher = {Springer-Verlag},
       series = {Graduate Texts in Mathematics},
        title = {Cohomology of groups},
       volume = {87},
         year = {1994},
}

%%%%%%%%%%%%%%%%%%%%%%%%%%%%%%%%%%%%%%%%%%%%%%%%%%%%%%%%%%%%%%%%%%%%%%%%%%%%%%%%

@book {Brown-Higgins-Sivera,
       author = {Brown, Ronald and Higgins, Philip J. and Sivera, Rafael},
          doi = {10.4171/083},
         isbn = {978-3-03719-083-8},
     mrnumber = {2841564},
         note = {With contributions by Christopher D. Wensley and Sergei V. Soloviev},
        pages = {xxxvi+668},
    publisher = {European Mathematical Society (EMS), Z\"urich},
       series = {EMS Tracts in Mathematics},
        title = {Nonabelian algebraic topology. Filtered spaces, crossed complexes, cubical homotopy groupoids},
          url = {http://dx.doi.org/10.4171/083},
       volume = {15},
         year = {2011},
}

%%%%%%%%%%%%%%%%%%%%%%%%%%%%%%%%%%%%%%%%%%%%%%%%%%%%%%%%%%%%%%%%%%%%%%%%%%%%%%%%

@article {Burgos-Gil-02,
       author = {Burgos Gil, Jos\'e I.},
         isbn = {0-8218-2630-1},
     mrnumber = {1869655},
        pages = {xii+104},
    publisher = {American Mathematical Society, Providence, RI},
       series = {CRM Monograph Series},
        title = {The regulators of {B}e\u\i{}linson and {B}orel},
       volume = {15},
         year = {2002},
}

%%%%%%%%%%%%%%%%%%%%%%%%%%%%%%%%%%%%%%%%%%%%%%%%%%%%%%%%%%%%%%%%%%%%%%%%%%%%%%%%

@article {Cisinski-prefaisceaux,
      author = {Cisinski, Denis-Charles},
    fjournal = {Ast\'erisque},
        isbn = {978-2-85629-225-9},
        issn = {0303-1179},
     journal = {Ast\'erisque},
    mrnumber = {2294028},
      number = {308},
       pages = {xxiv+390},
       title = {Les pr\'efaisceaux comme mod\`eles des types d'homotopie},
         url = {http://www.mathematik.uni-regensburg.de/cisinski/ast.pdf},
        year = {2006},
}

%%%%%%%%%%%%%%%%%%%%%%%%%%%%%%%%%%%%%%%%%%%%%%%%%%%%%%%%%%%%%%%%%%%%%%%%%%%%%%%%

@article {Conrad-Deligne-Nagata,
      author = {Conrad, Brian},
    fjournal = {Journal of the Ramanujan Mathematical Society},
        issn = {0970-1249},
     journal = {J. Ramanujan Math. Soc.},
    mrnumber = {2356346},
      number = {3},
       pages = {205--257},
       title = {Deligne's notes on {N}agata compactifications},
         url = {http://math.stanford.edu/~conrad/papers/nagatafinal.pdf},
      volume = {22},
        year = {2007},
}

%%%%%%%%%%%%%%%%%%%%%%%%%%%%%%%%%%%%%%%%%%%%%%%%%%%%%%%%%%%%%%%%%%%%%%%%%%%%%%%%

@article {Conrad-Deligne-Nagata-erratum,
      author = {Conrad, Brian},
    fjournal = {Journal of the Ramanujan Mathematical Society},
        issn = {0970-1249},
     journal = {J. Ramanujan Math. Soc.},
    mrnumber = {2599570},
      number = {4},
       pages = {427--428},
       title = {Erratum for ``{D}eligne's notes on {N}agata compactifications''},
      volume = {24},
        year = {2009},
}

%%%%%%%%%%%%%%%%%%%%%%%%%%%%%%%%%%%%%%%%%%%%%%%%%%%%%%%%%%%%%%%%%%%%%%%%%%%%%%%%

@article {Deligne-Hodge-II,
      author = {Deligne, Pierre},
    fjournal = {Institut des Hautes \'Etudes Scientifiques. Publications Math\'ematiques},
        issn = {0073-8301},
     journal = {Inst. Hautes \'Etudes Sci. Publ. Math.},
    mrnumber = {0498551},
      number = {40},
       pages = {5--57},
       title = {Th\'eorie de {H}odge. {II}},
         url = {http://www.numdam.org/item?id=PMIHES_1971__40__5_0},
        year = {1971},
}

%%%%%%%%%%%%%%%%%%%%%%%%%%%%%%%%%%%%%%%%%%%%%%%%%%%%%%%%%%%%%%%%%%%%%%%%%%%%%%%%

@book {Deligne-LNM-163,
       author = {Deligne, Pierre},
          doi = {10.1007/BFb0061195},
     mrnumber = {0417174},
        pages = {iii+133},
    publisher = {Springer-Verlag, Berlin-New York},
       series = {Lecture Notes in Mathematics, Vol. 163},
        title = {\'Equations diff\'erentielles \`a points singuliers r\'eguliers},
          url = {https://doi.org/10.1007/BFb0061195},
         year = {1970},
}

%%%%%%%%%%%%%%%%%%%%%%%%%%%%%%%%%%%%%%%%%%%%%%%%%%%%%%%%%%%%%%%%%%%%%%%%%%%%%%%%

@book {Dirichlet-1999,
       author = {Dirichlet, P. G. L.},
         isbn = {0-8218-2017-6},
     mrnumber = {1710911},
         note = {Supplements by R. Dedekind, Translated from the 1863 German original and with an introduction by John Stillwell},
        pages = {xx+275},
    publisher = {American Mathematical Society, Providence, RI; London Mathematical Society, London},
       series = {History of Mathematics},
        title = {Lectures on number theory},
       volume = {16},
         year = {1999},
}

%%%%%%%%%%%%%%%%%%%%%%%%%%%%%%%%%%%%%%%%%%%%%%%%%%%%%%%%%%%%%%%%%%%%%%%%%%%%%%%%

@article {E41,
     author = {Euler, Leonhard},
    journal = {Commentarii academiae scientiarum Petropolitanae},
      pages = {123--134},
      title = {De summis serierum reciprocarum},
        url = {http://eulerarchive.maa.org/pages/E041.html},
     volume = {7},
       year = {1740},
}

%%%%%%%%%%%%%%%%%%%%%%%%%%%%%%%%%%%%%%%%%%%%%%%%%%%%%%%%%%%%%%%%%%%%%%%%%%%%%%%%

@article {E72,
     author = {Euler, Leonhard},
    journal = {Commentarii academiae scientiarum Petropolitanae},
      pages = {160--188},
      title = {Variae observationes circa series infinitas},
        url = {http://eulerarchive.maa.org/pages/E072.html},
     volume = {9},
       year = {1744},
}

%%%%%%%%%%%%%%%%%%%%%%%%%%%%%%%%%%%%%%%%%%%%%%%%%%%%%%%%%%%%%%%%%%%%%%%%%%%%%%%%

@article {Eilenberg-MacLane-acyclic,
      author = {Eilenberg, Samuel and MacLane, Saunders},
         doi = {10.2307/2372628},
    fjournal = {American Journal of Mathematics},
        issn = {0002-9327},
     journal = {Amer. J. Math.},
    mrnumber = {0052766},
       pages = {189--199},
       title = {Acyclic models},
         url = {http://dx.doi.org/10.2307/2372628},
      volume = {75},
        year = {1953},
}

%%%%%%%%%%%%%%%%%%%%%%%%%%%%%%%%%%%%%%%%%%%%%%%%%%%%%%%%%%%%%%%%%%%%%%%%%%%%%%%%

@article {Elbaz-Vincent-Gangl-Soule-2002,
      author = {Elbaz-Vincent, Philippe and Gangl, Herbert and Soul{\'e}, Christophe},
    fjournal = {Comptes Rendus Math\'ematique. Acad\'emie des Sciences. Paris},
        issn = {1631-073X},
     journal = {C. R. Math. Acad. Sci. Paris},
    mrnumber = {1931508},
      number = {4},
       pages = {321--324},
       title = {Quelques calculs de la cohomologie de {$GL_N (\mathbb{Z})$} et de la {$K$}-th\'eorie de {$\Bbb Z$}},
         url = {http://arxiv.org/abs/math/0207067},
      volume = {335},
        year = {2002},
}

%%%%%%%%%%%%%%%%%%%%%%%%%%%%%%%%%%%%%%%%%%%%%%%%%%%%%%%%%%%%%%%%%%%%%%%%%%%%%%%%

@book {Elements,
       author = {Euclid},
          key = {Elements},
         note = {Translated with introduction and commentary by {S}ir {T}homas {L}. {H}eath},
    publisher = {Cambridge University Press, Cambridge},
        title = {The thirteen books of the {E}lements},
          url = {http://archive.org/details/thirteenbookseu00heibgoog},
         year = {1908},
}

%%%%%%%%%%%%%%%%%%%%%%%%%%%%%%%%%%%%%%%%%%%%%%%%%%%%%%%%%%%%%%%%%%%%%%%%%%%%%%%%

@incollection {Esnault-Viehweg,
       author = {Esnault, H\'el\`ene and Viehweg, Eckart},
    booktitle = {Be\u\i linson's conjectures on special values of {$L$}-functions},
     mrnumber = {944991},
        pages = {43--91},
    publisher = {Academic Press, Boston, MA},
       series = {Perspect. Math.},
        title = {Deligne-{B}e\u\i linson cohomology},
          url = {http://wwwmath.uni-muenster.de/u/schneider/publ/beilinson-volume/},
       volume = {4},
         year = {1988},
}

%%%%%%%%%%%%%%%%%%%%%%%%%%%%%%%%%%%%%%%%%%%%%%%%%%%%%%%%%%%%%%%%%%%%%%%%%%%%%%%%

@incollection {Flach-04-ETNC,
       author = {Flach, Matthias},
    booktutle = {Stark's Conjectures: Recent Work and New Directions},
          doi = {10.1090/conm/358/06537},
     mrnumber = {2088713},
        pages = {79--126},
    publisher = {American Mathematical Society},
        title = {The equivariant Tamagawa number conjecture: a survey},
         year = {2004},
}

%%%%%%%%%%%%%%%%%%%%%%%%%%%%%%%%%%%%%%%%%%%%%%%%%%%%%%%%%%%%%%%%%%%%%%%%%%%%%%%%

@article {Flach-Morin-12,
      author = {Flach, Matthias and Morin, Baptiste},
    fjournal = {Documenta Mathematica},
        issn = {1431-0635},
     journal = {Doc. Math.},
    mrnumber = {2946826},
       pages = {313--399},
       title = {On the {W}eil-\'etale topos of regular arithmetic schemes},
         url = {http://arxiv.org/abs/1010.3833},
      volume = {17},
        year = {2012},
}

%%%%%%%%%%%%%%%%%%%%%%%%%%%%%%%%%%%%%%%%%%%%%%%%%%%%%%%%%%%%%%%%%%%%%%%%%%%%%%%%

@article {Flach-Morin-16,
     author = {Flach, Matthias and Morin, Baptiste},
    journal = {ArXiv e-prints},
      title = {Weil-\'etale cohomology and {Z}eta-values of proper regular arithmetic schemes},
        url = {http://arxiv.org/abs/1605.01277},
       year = {2016},
}

%%%%%%%%%%%%%%%%%%%%%%%%%%%%%%%%%%%%%%%%%%%%%%%%%%%%%%%%%%%%%%%%%%%%%%%%%%%%%%%%

@incollection {Fontaine-Perrin-Riou,
       author = {Fontaine, Jean-Marc and Perrin-Riou, Bernadette},
    booktitle = {Motives ({S}eattle, {WA}, 1991)},
     mrnumber = {1265546},
        pages = {599--706},
    publisher = {Amer. Math. Soc., Providence, RI},
       series = {Proc. Sympos. Pure Math.},
        title = {Autour des conjectures de {B}loch et {K}ato: cohomologie},
       volume = {55},
         year = {1994},
}

%%%%%%%%%%%%%%%%%%%%%%%%%%%%%%%%%%%%%%%%%%%%%%%%%%%%%%%%%%%%%%%%%%%%%%%%%%%%%%%%

@book {Fulton-Intersection-Theory,
       author = {Fulton, William},
          doi = {10.1007/978-1-4612-1700-8},
      edition = {Second},
         isbn = {3-540-62046-X; 0-387-98549-2},
     mrnumber = {1644323},
        pages = {xiv+470},
    publisher = {Springer-Verlag, Berlin},
       series = {Ergebnisse der Mathematik und ihrer Grenzgebiete. 3. Folge. A Series of Modern Surveys in Mathematics [Results in Mathematics and Related Areas. 3rd Series. A Series of Modern Surveys in Mathematics]},
        title = {Intersection theory},
          url = {http://dx.doi.org/10.1007/978-1-4612-1700-8},
       volume = {2},
         year = {1998},
}

%%%%%%%%%%%%%%%%%%%%%%%%%%%%%%%%%%%%%%%%%%%%%%%%%%%%%%%%%%%%%%%%%%%%%%%%%%%%%%%%

@article {Geisser-04,
      author = {Geisser, Thomas},
       coden = {MAZEAX},
         doi = {10.1007/s00209-004-0680-x},
    fjournal = {Mathematische Zeitschrift},
        issn = {0025-5874},
     journal = {Math. Z.},
    mrnumber = {2103541},
      number = {4},
       pages = {773--794},
       title = {Motivic cohomology over {D}edekind rings},
         url = {http://dx.doi.org/10.1007/s00209-004-0680-x},
      volume = {248},
        year = {2004},
}

%%%%%%%%%%%%%%%%%%%%%%%%%%%%%%%%%%%%%%%%%%%%%%%%%%%%%%%%%%%%%%%%%%%%%%%%%%%%%%%%

@article {Geisser-04-finite,
      author = {Geisser, Thomas},
    fjournal = {Mathematische Annalen},
        issn = {0025-5831},
     journal = {Math. Ann.},
    mrnumber = {2102307},
      number = {4},
       pages = {665--692},
       title = {Weil-\'etale cohomology over finite fields},
         url = {https://doi.org/10.1007/s00208-004-0564-8},
      volume = {330},
        year = {2004},
}

%%%%%%%%%%%%%%%%%%%%%%%%%%%%%%%%%%%%%%%%%%%%%%%%%%%%%%%%%%%%%%%%%%%%%%%%%%%%%%%%

@article {Geisser-10,
      author = {Geisser, Thomas},
       coden = {ANMAAH},
         doi = {10.4007/annals.2010.172.1095},
    fjournal = {Annals of Mathematics. Second Series},
        issn = {0003-486X},
     journal = {Ann. of Math. (2)},
    mrnumber = {2680487},
      number = {2},
       pages = {1095--1126},
       title = {Duality via cycle complexes},
         url = {http://dx.doi.org/10.4007/annals.2010.172.1095},
      volume = {172},
        year = {2010},
}

%%%%%%%%%%%%%%%%%%%%%%%%%%%%%%%%%%%%%%%%%%%%%%%%%%%%%%%%%%%%%%%%%%%%%%%%%%%%%%%%

@incollection {Geisser-survey,
       author = {Geisser, Thomas},
    booktitle = {Handbook of {$K$}-theory. {V}ol. 1, 2},
          doi = {10.1007/3-540-27855-9_6},
     mrnumber = {2181824},
        pages = {193--234},
    publisher = {Springer, Berlin},
        title = {Motivic cohomology, {$K$}-theory and topological cyclic homology},
          url = {http://www.math.illinois.edu/K-theory/handbook/},
         year = {2005},
}

%%%%%%%%%%%%%%%%%%%%%%%%%%%%%%%%%%%%%%%%%%%%%%%%%%%%%%%%%%%%%%%%%%%%%%%%%%%%%%%%

@book {Gelfand-Kapranov-Zelevinsky,
       author = {Gel{$'$}fand, Israel M. and Kapranov, Mikhail M. and Zelevinsky, Andrei V.},
          doi = {10.1007/978-0-8176-4771-1},
         isbn = {0-8176-3660-9},
     mrnumber = {1264417},
        pages = {x+523},
    publisher = {Birkh\"auser Boston, Inc., Boston, MA},
       series = {Mathematics: Theory \& Applications},
        title = {Discriminants, resultants, and multidimensional determinants},
          url = {http://dx.doi.org/10.1007/978-0-8176-4771-1},
         year = {1994},
}

%%%%%%%%%%%%%%%%%%%%%%%%%%%%%%%%%%%%%%%%%%%%%%%%%%%%%%%%%%%%%%%%%%%%%%%%%%%%%%%%

@book {Goerss-Jardine,
       author = {Goerss, Paul G. and Jardine, John F.},
          doi = {10.1007/978-3-0346-0189-4},
         isbn = {978-3-0346-0188-7},
     mrnumber = {2840650},
         note = {Reprint of the 1999 edition [MR1711612]},
        pages = {xvi+510},
    publisher = {Birkh\"auser Verlag, Basel},
       series = {Modern Birkh\"auser Classics},
        title = {Simplicial homotopy theory},
          url = {http://dx.doi.org/10.1007/978-3-0346-0189-4},
         year = {2009},
}

%%%%%%%%%%%%%%%%%%%%%%%%%%%%%%%%%%%%%%%%%%%%%%%%%%%%%%%%%%%%%%%%%%%%%%%%%%%%%%%%

@article {Goncharov-1995,
      author = {Goncharov, Alexander},
         doi = {10.4310/MRL.1995.v2.n1.a9},
    fjournal = {Mathematical Research Letters},
        issn = {1073-2780},
     journal = {Math. Res. Lett.},
    mrnumber = {1312980},
      number = {1},
       pages = {95--112},
       title = {Chow polylogarithms and regulators},
         url = {http://dx.doi.org/10.4310/MRL.1995.v2.n1.a9},
      volume = {2},
        year = {1995},
}

%%%%%%%%%%%%%%%%%%%%%%%%%%%%%%%%%%%%%%%%%%%%%%%%%%%%%%%%%%%%%%%%%%%%%%%%%%%%%%%%

@book {GTM-56,
       author = {Massey, William S.},
     mrnumber = {0448331},
         note = {Reprint of the 1967 edition, Graduate Texts in Mathematics, Vol. 56},
        pages = {xxi+261 pp. ISBN 0-387-90271-6},
    publisher = {Springer-Verlag, New York-Heidelberg},
        title = {Algebraic topology: an introduction},
         year = {1977},
}

%%%%%%%%%%%%%%%%%%%%%%%%%%%%%%%%%%%%%%%%%%%%%%%%%%%%%%%%%%%%%%%%%%%%%%%%%%%%%%%%

@article {Harder-1971,
      author = {Harder, G\"unter},
    fjournal = {Annales Scientifiques de l'\'Ecole Normale Sup\'erieure. Quatri\`eme S\'erie},
        issn = {0012-9593},
     journal = {Ann. Sci. \'Ecole Norm. Sup. (4)},
    mrnumber = {0309145},
       pages = {409--455},
       title = {A {G}auss--{B}onnet formula for discrete arithmetically defined groups},
         url = {http://numdam.org/item?id=ASENS_1971_4_4_3_409_0},
      volume = {4},
        year = {1971},
}

%%%%%%%%%%%%%%%%%%%%%%%%%%%%%%%%%%%%%%%%%%%%%%%%%%%%%%%%%%%%%%%%%%%%%%%%%%%%%%%%

@book {Iversen-1986,
        author = {Iversen, Birger},
          isbn = {3-540-16389-1},
       mrclass = {14F05 (14-01 18-01 54-01)},
      mrnumber = {842190},
    mrreviewer = {G. Horrocks},
         pages = {xii+464},
     publisher = {Springer-Verlag, Berlin},
        series = {Universitext},
         title = {Cohomology of sheaves},
           url = {https://doi.org/10.1007/978-3-642-82783-9},
          year = {1986},
}

%%%%%%%%%%%%%%%%%%%%%%%%%%%%%%%%%%%%%%%%%%%%%%%%%%%%%%%%%%%%%%%%%%%%%%%%%%%%%%%%

@incollection {Jannsen-Homology,
       author = {Jannsen, Uwe},
    booktitle = {Be\u\i{}linson's conjectures on special values of {$L$}-functions},
     mrnumber = {944998},
        pages = {305--372},
    publisher = {Academic Press, Boston, MA},
       series = {Perspect. Math.},
        title = {Deligne homology, {H}odge-{$\mathcal{D}$}-conjecture, and motives},
          url = {http://wwwmath.uni-muenster.de/u/schneider/publ/beilinson-volume/},
       volume = {4},
         year = {1988},
}

%%%%%%%%%%%%%%%%%%%%%%%%%%%%%%%%%%%%%%%%%%%%%%%%%%%%%%%%%%%%%%%%%%%%%%%%%%%%%%%%

@incollection {Kahn-2005,
       author = {Kahn, Bruno},
    booktitle = {Handbook of {$K$}-theory. {V}ol. 1, 2},
          doi = {10.1007/3-540-27855-9_9},
     mrnumber = {2181827},
        pages = {351--428},
    publisher = {Springer, Berlin},
        title = {Algebraic {$K$}-theory, algebraic cycles and arithmetic geometry},
          url = {http://www.math.illinois.edu/K-theory/handbook/},
         year = {2005},
}

%%%%%%%%%%%%%%%%%%%%%%%%%%%%%%%%%%%%%%%%%%%%%%%%%%%%%%%%%%%%%%%%%%%%%%%%%%%%%%%%

@article {Katz-Motives,
       author = {Katz, Nicholas M.},
    booktitle = {Motives ({S}eattle, {WA}, 1991)},
      mrclass = {14F20 (14G10)},
     mrnumber = {1265520},
        pages = {21--30},
    publisher = {Amer. Math. Soc., Providence, RI},
       series = {Proc. Sympos. Pure Math.},
        title = {Review of {$\ell$}-adic cohomology},
       volume = {55},
         year = {1994},
}

%%%%%%%%%%%%%%%%%%%%%%%%%%%%%%%%%%%%%%%%%%%%%%%%%%%%%%%%%%%%%%%%%%%%%%%%%%%%%%%%

@article {Kerr-Lewis-2007,
      author = {Kerr, Matt and Lewis, James D.},
         doi = {10.1007/s00222-007-0066-x},
    fjournal = {Inventiones Mathematicae},
        issn = {0020-9910},
     journal = {Invent. Math.},
    mrnumber = {2342640},
      number = {2},
       pages = {355--420},
       title = {The {A}bel-{J}acobi map for higher {C}how groups. {II}},
         url = {http://dx.doi.org/10.1007/s00222-007-0066-x},
      volume = {170},
        year = {2007},
}

%%%%%%%%%%%%%%%%%%%%%%%%%%%%%%%%%%%%%%%%%%%%%%%%%%%%%%%%%%%%%%%%%%%%%%%%%%%%%%%%

@article {Kerr-Lewis-Muller-Stach-2006,
      author = {Kerr, Matt and Lewis, James D. and M\"uller-Stach, Stefan},
         doi = {10.1112/S0010437X05001867},
    fjournal = {Compositio Mathematica},
        issn = {0010-437X},
     journal = {Compos. Math.},
    mrnumber = {2218900},
      number = {2},
       pages = {374--396},
       title = {The {A}bel-{J}acobi map for higher {C}how groups},
         url = {http://arxiv.org/abs/math/0409116},
      volume = {142},
        year = {2006},
}

%%%%%%%%%%%%%%%%%%%%%%%%%%%%%%%%%%%%%%%%%%%%%%%%%%%%%%%%%%%%%%%%%%%%%%%%%%%%%%%%

@article {Klingen-1961,
      author = {Klingen, Helmut},
    fjournal = {Mathematische Annalen},
        issn = {0025-5831},
     journal = {Math. Ann.},
    mrnumber = {0133304},
       pages = {265--272},
       title = {\"{U}ber die {W}erte der {D}edekindschen {Z}etafunktion},
      volume = {145},
        year = {1961/1962},
}

%%%%%%%%%%%%%%%%%%%%%%%%%%%%%%%%%%%%%%%%%%%%%%%%%%%%%%%%%%%%%%%%%%%%%%%%%%%%%%%%

@article {Knudsen-Mumford-76,
      author = {Knudsen, Finn Faye and Mumford, David},
    fjournal = {Mathematica Scandinavica},
        issn = {0025-5521},
     journal = {Math. Scand.},
    mrnumber = {0437541},
      number = {1},
       pages = {19--55},
       title = {The projectivity of the moduli space of stable curves. {I}. {P}reliminaries on ``det'' and ``{D}iv''},
         url = {http://mscand.dk/article/view/11642/9658},
      volume = {39},
        year = {1976},
}

%%%%%%%%%%%%%%%%%%%%%%%%%%%%%%%%%%%%%%%%%%%%%%%%%%%%%%%%%%%%%%%%%%%%%%%%%%%%%%%%

@article {Krishna-Levine-2008,
      author = {Krishna, Amalendu and Levine, Marc},
         doi = {10.1515/CRELLE.2008.041},
    fjournal = {Journal f\"ur die Reine und Angewandte Mathematik. [Crelle's Journal]},
        issn = {0075-4102},
     journal = {J. Reine Angew. Math.},
    mrnumber = {2414948},
       pages = {75--140},
       title = {Additive higher {C}how groups of schemes},
         url = {http://dx.doi.org/10.1515/CRELLE.2008.041},
      volume = {619},
        year = {2008},
}

%%%%%%%%%%%%%%%%%%%%%%%%%%%%%%%%%%%%%%%%%%%%%%%%%%%%%%%%%%%%%%%%%%%%%%%%%%%%%%%%

@article {Lee-Szczarba-1976,
      author = {Lee, Ronnie and Szczarba, R. H.},
    fjournal = {Annals of Mathematics. Second Series},
        issn = {0003-486X},
     journal = {Ann. of Math (2)},
    mrnumber = {0442934},
      number = {1},
       pages = {31--60},
       title = {The Group ${K}_3 (\mathbb{Z})$ is Cyclic of Order Forty-Eight},
         url = {http://jstor.org/stable/1971055},
      volume = {104},
        year = {1976},
}

%%%%%%%%%%%%%%%%%%%%%%%%%%%%%%%%%%%%%%%%%%%%%%%%%%%%%%%%%%%%%%%%%%%%%%%%%%%%%%%%

@article {Lefschetz-Whitehead-33,
      author = {Lefschetz, Solomon and Whitehead, J. H. C.},
         doi = {10.2307/1989779},
    fjournal = {Transactions of the American Mathematical Society},
        issn = {0002-9947},
     journal = {Trans. Amer. Math. Soc.},
    mrnumber = {1501698},
      number = {2},
       pages = {510--517},
       title = {On analytical complexes},
         url = {http://dx.doi.org/10.2307/1989779},
      volume = {35},
        year = {1933},
}

%%%%%%%%%%%%%%%%%%%%%%%%%%%%%%%%%%%%%%%%%%%%%%%%%%%%%%%%%%%%%%%%%%%%%%%%%%%%%%%%

@article {Levine-Bloch-revisited,
      author = {Levine, Marc},
    fjournal = {Ast\'erisque},
        issn = {0303-1179},
     journal = {Ast\'erisque},
    mrnumber = {1317122},
        note = {$K$-theory (Strasbourg, 1992)},
      number = {226},
       pages = {10, 235--320},
       title = {Bloch's higher {C}how groups revisited},
         url = {http://www.uni-due.de/~bm0032/publ/HigherChowRevisit.pdf},
        year = {1994},
}

%%%%%%%%%%%%%%%%%%%%%%%%%%%%%%%%%%%%%%%%%%%%%%%%%%%%%%%%%%%%%%%%%%%%%%%%%%%%%%%%

@book {Levine-Mixed-book,
       author = {Levine, Marc},
         isbn = {0-8218-0785-4},
     mrnumber = {1623774},
        pages = {x+515},
    publisher = {American Mathematical Society, Providence, RI},
       series = {Mathematical Surveys and Monographs},
        title = {Mixed motives},
          url = {https://doi.org/10.1090/surv/057},
       volume = {57},
         year = {1998},
}

%%%%%%%%%%%%%%%%%%%%%%%%%%%%%%%%%%%%%%%%%%%%%%%%%%%%%%%%%%%%%%%%%%%%%%%%%%%%%%%%

@article {Lichtenbaum-05,
      author = {Lichtenbaum, Stephen},
         doi = {10.1112/S0010437X04001150},
    fjournal = {Compositio Mathematica},
        issn = {0010-437X},
     journal = {Compos. Math.},
    mrnumber = {2135283},
      number = {3},
       pages = {689--702},
       title = {The {W}eil-\'etale topology on schemes over finite fields},
         url = {http://dx.doi.org/10.1112/S0010437X04001150},
      volume = {141},
        year = {2005},
}

%%%%%%%%%%%%%%%%%%%%%%%%%%%%%%%%%%%%%%%%%%%%%%%%%%%%%%%%%%%%%%%%%%%%%%%%%%%%%%%%

@incollection {Lichtenbaum-09-Euler,
       author = {Lichtenbaum, Stephen},
    booktitle = {Motives and algebraic cycles},
     mrnumber = {2562461},
        pages = {249--255},
    publisher = {Amer. Math. Soc., Providence, RI},
       series = {Fields Inst. Commun.},
        title = {Euler characteristics and special values of zeta-functions},
       volume = {56},
         year = {2009},
}

%%%%%%%%%%%%%%%%%%%%%%%%%%%%%%%%%%%%%%%%%%%%%%%%%%%%%%%%%%%%%%%%%%%%%%%%%%%%%%%%

@article {Lichtenbaum-09-number-rings,
      author = {Lichtenbaum, Stephen},
         doi = {10.4007/annals.2009.170.657},
    fjournal = {Annals of Mathematics. Second Series},
        issn = {0003-486X},
     journal = {Ann. of Math. (2)},
    mrnumber = {2552104},
      number = {2},
       pages = {657--683},
       title = {The {W}eil-\'etale topology for number rings},
         url = {http://dx.doi.org/10.4007/annals.2009.170.657},
      volume = {170},
        year = {2009},
}

%%%%%%%%%%%%%%%%%%%%%%%%%%%%%%%%%%%%%%%%%%%%%%%%%%%%%%%%%%%%%%%%%%%%%%%%%%%%%%%%

@incollection {Lichtenbaum-1973,
      address = {Berlin},
       author = {Lichtenbaum, Stephen},
    booktitle = {Algebraic {$K$}-theory, {II}: ``{C}lassical'' algebraic {$K$}-theory and connections with arithmetic ({P}roc. {C}onf., {B}attelle {M}emorial {I}nst., {S}eattle, {W}ash., 1972)},
     mrnumber = {0406981},
        pages = {489--501. Lecture Notes in Math., Vol. 342},
    publisher = {Springer},
        title = {Values of zeta-functions, \'etale cohomology, and algebraic {$K$}-theory},
         year = {1973},
}

%%%%%%%%%%%%%%%%%%%%%%%%%%%%%%%%%%%%%%%%%%%%%%%%%%%%%%%%%%%%%%%%%%%%%%%%%%%%%%%%

@article {Lurie-DAG-1,
     author = {Lurie, Jacob},
    journal = {ArXiv e-prints},
      title = {Stable Infinity Categories},
        url = {http://arxiv.org/abs/math/0608228},
       year = {2006},
}

%%%%%%%%%%%%%%%%%%%%%%%%%%%%%%%%%%%%%%%%%%%%%%%%%%%%%%%%%%%%%%%%%%%%%%%%%%%%%%%%

@book {MacLane-Moerdijk-94,
       author = {Mac Lane, Saunders and Moerdijk, Ieke},
          doi = {10.1007/978-1-4612-0927-0},
         isbn = {0-387-97710-4},
     mrnumber = {1300636},
         note = {A first introduction to topos theory, Corrected reprint of the 1992 edition},
        pages = {xii+629},
    publisher = {Springer-Verlag, New York},
       series = {Universitext},
        title = {Sheaves in geometry and logic},
          url = {http://dx.doi.org/10.1007/978-1-4612-0927-0},
         year = {1994},
}

%%%%%%%%%%%%%%%%%%%%%%%%%%%%%%%%%%%%%%%%%%%%%%%%%%%%%%%%%%%%%%%%%%%%%%%%%%%%%%%%

@article {May-2001,
        author = {May, J. P.},
      fjournal = {Advances in Mathematics},
          issn = {0001-8708},
       journal = {Adv. Math.},
       mrclass = {18E30 (18D10)},
      mrnumber = {1867203},
    mrreviewer = {Paul Balmer},
        number = {1},
         pages = {34--73},
         title = {The additivity of traces in triangulated categories},
           url = {https://doi.org/10.1006/aima.2001.1995},
        volume = {163},
          year = {2001},
}

%%%%%%%%%%%%%%%%%%%%%%%%%%%%%%%%%%%%%%%%%%%%%%%%%%%%%%%%%%%%%%%%%%%%%%%%%%%%%%%%

@book {May-Simplicial,
       author = {May, J. Peter},
         isbn = {0-226-51181-2},
     mrnumber = {1206474},
         note = {Reprint of the 1967 original},
        pages = {viii+161},
    publisher = {University of Chicago Press, Chicago, IL},
       series = {Chicago Lectures in Mathematics},
        title = {Simplicial objects in algebraic topology},
         year = {1992},
}

%%%%%%%%%%%%%%%%%%%%%%%%%%%%%%%%%%%%%%%%%%%%%%%%%%%%%%%%%%%%%%%%%%%%%%%%%%%%%%%%

@book {Mazza-Voevodsky-Weibel,
       author = {Mazza, Carlo and Voevodsky, Vladimir and Weibel, Charles},
         isbn = {978-0-8218-3847-1; 0-8218-3847-4},
     mrnumber = {2242284},
        pages = {xiv+216},
    publisher = {American Mathematical Society, Providence, RI; Clay},
       series = {Clay Mathematics Monographs},
        title = {Lecture notes on motivic cohomology},
          url = {http://www.claymath.org/library/monographs/cmim02.pdf},
       volume = {2},
         year = {2006},
}

%%%%%%%%%%%%%%%%%%%%%%%%%%%%%%%%%%%%%%%%%%%%%%%%%%%%%%%%%%%%%%%%%%%%%%%%%%%%%%%%

@book {Milne-ADT,
       author = {Milne, J. S.},
      edition = {Second},
         isbn = {1-4196-4274-X},
     mrnumber = {2261462},
        pages = {viii+339},
    publisher = {BookSurge, LLC, Charleston, SC},
        title = {Arithmetic duality theorems},
          url = {http://www.jmilne.org/math/Books/ADTnot.pdf},
         year = {2006},
}

%%%%%%%%%%%%%%%%%%%%%%%%%%%%%%%%%%%%%%%%%%%%%%%%%%%%%%%%%%%%%%%%%%%%%%%%%%%%%%%%

@book {Milnor-1971,
       author = {Milnor, John W.},
     mrnumber = {0349811},
    publisher = {Princeton University Press},
       series = {Annals of Mathematics Studies},
        title = {Introduction to algebraic {K}-theory},
       volume = {72},
         year = {1971},
}

%%%%%%%%%%%%%%%%%%%%%%%%%%%%%%%%%%%%%%%%%%%%%%%%%%%%%%%%%%%%%%%%%%%%%%%%%%%%%%%%

@article {Morin-14,
      author = {Morin, Baptiste},
         doi = {10.1215/00127094-2681387},
    fjournal = {Duke Mathematical Journal},
        issn = {0012-7094},
     journal = {Duke Math. J.},
    mrnumber = {3205726},
      number = {7},
       pages = {1263--1336},
       title = {Zeta functions of regular arithmetic schemes at {$s=0$}},
         url = {http://arxiv.org/abs/1103.6061},
      volume = {163},
        year = {2014},
}

%%%%%%%%%%%%%%%%%%%%%%%%%%%%%%%%%%%%%%%%%%%%%%%%%%%%%%%%%%%%%%%%%%%%%%%%%%%%%%%%

@article {Neeman-1991,
        author = {Neeman, Amnon},
      fjournal = {Journal of Algebra},
          issn = {0021-8693},
       journal = {J. Algebra},
       mrclass = {18E30 (19D99)},
      mrnumber = {1106349},
    mrreviewer = {Jeremy Rickard},
        number = {1},
         pages = {221--255},
         title = {Some new axioms for triangulated categories},
           url = {https://doi.org/10.1016/0021-8693(91)90292-G},
        volume = {139},
          year = {1991},
}

%%%%%%%%%%%%%%%%%%%%%%%%%%%%%%%%%%%%%%%%%%%%%%%%%%%%%%%%%%%%%%%%%%%%%%%%%%%%%%%%

@book {Neukirch-1999,
       author = {Neukirch, J{\"u}rgen},
         isbn = {3-540-65399-6},
     mrnumber = {1697859},
    publisher = {Springer-Verlag},
       series = {Grundlehren der Mathematischen Wissenschaften},
        title = {Algebraic number theory},
       volume = {322},
         year = {1999},
}

%%%%%%%%%%%%%%%%%%%%%%%%%%%%%%%%%%%%%%%%%%%%%%%%%%%%%%%%%%%%%%%%%%%%%%%%%%%%%%%%

@article {Quillen-1972,
      author = {Quillen, Daniel},
     journal = {Annals of Mathematics. Second Series},
    mrnumber = {0315016},
       pages = {552--586},
       title = {On the cohomology and {$K$}-theory of the general linear groups over a finite field},
         url = {http://jstor.org/stable/1970825},
      volume = {96},
        year = {1972},
}

%%%%%%%%%%%%%%%%%%%%%%%%%%%%%%%%%%%%%%%%%%%%%%%%%%%%%%%%%%%%%%%%%%%%%%%%%%%%%%%%

@inproceedings {Quillen-1973a-Ki,
       author = {Quillen, Daniel},
    booktitle = {Higher K-theories (Lecture Notes in Math 341)},
     mrnumber = {0338129},
        pages = {77--139},
        title = {Higher algebraic {K}-theory: {I}},
         year = {1973},
}

%%%%%%%%%%%%%%%%%%%%%%%%%%%%%%%%%%%%%%%%%%%%%%%%%%%%%%%%%%%%%%%%%%%%%%%%%%%%%%%%

@inproceedings {Quillen-1973b-FG,
       author = {Quillen, Daniel},
    booktitle = {Higher K-theories (Lecture Notes in Math 341)},
     mrnumber = {0349812},
        pages = {195--214},
        title = {Finite generation of the groups ${K}_i$ of rings of algebraic integers},
         year = {1973},
}

%%%%%%%%%%%%%%%%%%%%%%%%%%%%%%%%%%%%%%%%%%%%%%%%%%%%%%%%%%%%%%%%%%%%%%%%%%%%%%%%

@article {Ramachandran-2016,
      author = {Ramachandran, Niranjan},
    fjournal = {Homology, Homotopy and Applications},
        issn = {1532-0073},
     journal = {Homology Homotopy Appl.},
    mrnumber = {3491851},
      number = {1},
       pages = {231--246},
       title = {Higher {E}uler characteristics: variations on a theme of {E}uler},
         url = {http://arxiv.org/abs/1509.05089v1},
      volume = {18},
        year = {2016},
}

%%%%%%%%%%%%%%%%%%%%%%%%%%%%%%%%%%%%%%%%%%%%%%%%%%%%%%%%%%%%%%%%%%%%%%%%%%%%%%%%

@article {Riemann-1859,
     author = {Riemann, Bernhard},
    journal = {Monatsberichte der Berliner Akademie},
      month = {November},
      pages = {671--680},
      title = {Ueber die Anzahl der Primzahlen unter einer gegebenen Gr\"{o}sse},
        url = {http://www.claymath.org/sites/default/files/zeta.pdf},
       year = {1859},
}

%%%%%%%%%%%%%%%%%%%%%%%%%%%%%%%%%%%%%%%%%%%%%%%%%%%%%%%%%%%%%%%%%%%%%%%%%%%%%%%%

@article {Rivoal-2001,
      author = {Ball, Keith and Rivoal, Tanguy},
         doi = {10.1007/s002220100168},
    fjournal = {Inventiones Mathematicae},
        issn = {0020-9910},
     journal = {Invent. Math.},
    mrnumber = {1859021},
      number = {1},
       pages = {193--207},
       title = {Irrationalit\'e d'une infinit\'e de valeurs de la fonction z\^eta aux entiers impairs},
         url = {http://dx.doi.org/10.1007/s002220100168},
      volume = {146},
        year = {2001},
}

%%%%%%%%%%%%%%%%%%%%%%%%%%%%%%%%%%%%%%%%%%%%%%%%%%%%%%%%%%%%%%%%%%%%%%%%%%%%%%%%

@article {Rognes-2000,
      author = {Rognes, John},
       coden = {TPLGAF},
    fjournal = {Topology. An International Journal of Mathematics},
        issn = {0040-9383},
     journal = {Topology},
    mrnumber = {1722028},
      number = {2},
       pages = {267--281},
       title = {{$K_4 (\mathbb{Z})$} is the trivial group},
         url = {http://dx.doi.org/10.1016/S0040-9383(99)00007-5},
      volume = {39},
        year = {2000},
}

%%%%%%%%%%%%%%%%%%%%%%%%%%%%%%%%%%%%%%%%%%%%%%%%%%%%%%%%%%%%%%%%%%%%%%%%%%%%%%%%

@incollection {Serre-1971,
       author = {Serre, Jean-Pierre},
    booktitle = {Prospects in mathematics ({P}roc. {S}ympos., {P}rinceton {U}niv., {P}rinceton, {N}.{J}., 1970)},
     mrnumber = {0385006},
        pages = {77--169. Ann. of Math. Studies, No. 70},
    publisher = {Princeton Univ. Press, Princeton, N.J.},
        title = {Cohomologie des groupes discrets},
         year = {1971},
}

%%%%%%%%%%%%%%%%%%%%%%%%%%%%%%%%%%%%%%%%%%%%%%%%%%%%%%%%%%%%%%%%%%%%%%%%%%%%%%%%

@incollection {Serre-65,
       author = {Serre, Jean-Pierre},
    booktitle = {Arithmetical {A}lgebraic {G}eometry ({P}roc. {C}onf. {P}urdue {U}niv., 1963)},
     mrnumber = {0194396},
        pages = {82--92},
    publisher = {Harper \& Row, New York},
        title = {Zeta and {$L$} functions},
         year = {1965},
}

%%%%%%%%%%%%%%%%%%%%%%%%%%%%%%%%%%%%%%%%%%%%%%%%%%%%%%%%%%%%%%%%%%%%%%%%%%%%%%%%

@book {SGA1,
       editor = {Grothendieck, Alexander and Raynaud, Mich\`ele},
          key = {SGA~1},
     mrnumber = {2017446},
        pages = {xxii+447},
    publisher = {Springer-Verlag, Berlin-New York},
       series = {Lecture Notes in Mathematics, Vol. 224},
        title = {S{\'e}minaire de G{\'e}om{\'e}trie Alg{\'e}brique du {B}ois-{M}arie 1960--61 ({SGA}~4): Rev\^etements \'etales et groupe fondamental},
          url = {http://arxiv.org/abs/math/0206203},
         year = {1971},
}

%%%%%%%%%%%%%%%%%%%%%%%%%%%%%%%%%%%%%%%%%%%%%%%%%%%%%%%%%%%%%%%%%%%%%%%%%%%%%%%%

@book {SGA4,
       editor = {Artin, Michael and Grothendieck, Alexander and Verdier, Jean-Louis},
          key = {SGA~4},
     mrnumber = {0354652},
         note = {Avec la collaboration de {N}.~{B}ourbaki, {P}.~{D}eligne et {B}.~{S}aint-{D}onat},
    publisher = {Springer-Verlag, Berlin-New York},
       series = {Lecture Notes in Mathematics, Vol. 269, 270, 305},
        title = {S{\'e}minaire de G{\'e}om{\'e}trie Alg{\'e}brique du {B}ois-{M}arie 1963--1964 ({SGA}~4): {T}h\'eorie des topos et cohomologie \'etale des sch\'emas},
          url = {http://fabrice.orgogozo.perso.math.cnrs.fr/SGA4/},
         year = {1972--73},
}

%%%%%%%%%%%%%%%%%%%%%%%%%%%%%%%%%%%%%%%%%%%%%%%%%%%%%%%%%%%%%%%%%%%%%%%%%%%%%%%%

@book {SGA4-1-2,
       author = {Deligne, Pierre},
          doi = {10.1007%2FBFb0091516},
          key = {SGA~$4\frac{1}{2}$},
     mrnumber = {0463174},
         note = {S{\'e}minaire de G{\'e}om{\'e}trie Alg{\'e}brique du {B}ois-{M}arie {SGA}~4$\frac{1}{2}$, Avec la collaboration de {J}.~{F}.~{B}outot, {A}.~{G}rothendieck, {L}.~Illusie et {J}.~{L}.~{V}erdier},
        pages = {iv+312pp},
    publisher = {Springer-Verlag, Berlin-New York},
       series = {Lecture Notes in Mathematics, Vol. 569},
        title = {Cohomologie \'etale},
          url = {https://link.springer.com/book/10.1007%2FBFb0091516},
         year = {1977},
}

%%%%%%%%%%%%%%%%%%%%%%%%%%%%%%%%%%%%%%%%%%%%%%%%%%%%%%%%%%%%%%%%%%%%%%%%%%%%%%%%

@book {SGA5,
       editor = {Grothendieck, Alexander},
          key = {SGA~5},
     mrnumber = {0491704},
         note = {Avec la collaboration de I.~Bucur, C.~Houzel, L.~Illusie, J.-P.~Jouanolou et J.-P.~Serre},
        pages = {xii+484},
    publisher = {Springer-Verlag, Berlin-New York},
       series = {Lecture Notes in Mathematics, Vol. 589},
        title = {S{\'e}minaire de G{\'e}om{\'e}trie Alg{\'e}brique du {B}ois-{M}arie 1965--66 ({SGA}~5): {C}ohomologie $\ell$-adique et fonctions {$L$}},
          url = {http://library.msri.org/books/sga/},
         year = {1977},
}

%%%%%%%%%%%%%%%%%%%%%%%%%%%%%%%%%%%%%%%%%%%%%%%%%%%%%%%%%%%%%%%%%%%%%%%%%%%%%%%%

@book {SGA7,
       editor = {Grothendieck, Alexander and Deligne, Pierre and Katz, Nicholas},
          key = {SGA~7},
     mrnumber = {0354657},
         note = {Avec la collaboration de {M}.~{R}aynaud et {D}.{S}.~{R}im},
    publisher = {Springer-Verlag, Berlin-New York},
       series = {Lecture Notes in Mathematics, Vol. 288, 340},
        title = {S{\'e}minaire de G{\'e}om{\'e}trie Alg{\'e}brique du {B}ois-{M}arie 1967--69 ({SGA}~7): Groupes de monodromie en g\'eom\'etrie alg\'ebrique},
          url = {http://library.msri.org/books/sga/},
         year = {1972--73},
}

%%%%%%%%%%%%%%%%%%%%%%%%%%%%%%%%%%%%%%%%%%%%%%%%%%%%%%%%%%%%%%%%%%%%%%%%%%%%%%%%

@article {Soule-1984,
      author = {Soul\'e, Christophe},
    fjournal = {Mathematische Annalen},
        issn = {0025-5831},
     journal = {Math. Ann.},
    mrnumber = {751733},
      number = {3},
       pages = {317--345},
       title = {Groupes de {C}how et {$K$}-th\'eorie de vari\'et\'es sur un corps fini},
         url = {https://doi.org/10.1007/BF01457062},
      volume = {268},
        year = {1984},
}

%%%%%%%%%%%%%%%%%%%%%%%%%%%%%%%%%%%%%%%%%%%%%%%%%%%%%%%%%%%%%%%%%%%%%%%%%%%%%%%%

@misc {stacks-project,
    author = {{The Stacks Project Authors}},
       key = {Stacks},
     title = {Stacks Project},
       url = {http://stacks.math.columbia.edu},
      year = {2017},
}

%%%%%%%%%%%%%%%%%%%%%%%%%%%%%%%%%%%%%%%%%%%%%%%%%%%%%%%%%%%%%%%%%%%%%%%%%%%%%%%%

@article {Tohoku-paper,
      author = {Grothendieck, Alexander},
    fjournal = {The Tohoku Mathematical Journal. Second Series},
        issn = {0040-8735},
     journal = {T\^ohoku Math. J. (2)},
         key = {T\^{o}hoku},
    mrnumber = {0102537},
       pages = {119--221},
       title = {Sur quelques points d'alg\`ebre homologique},
         url = {http://projecteuclid.org/euclid.tmj/1178244839},
      volume = {9},
        year = {1957},
}

%%%%%%%%%%%%%%%%%%%%%%%%%%%%%%%%%%%%%%%%%%%%%%%%%%%%%%%%%%%%%%%%%%%%%%%%%%%%%%%%

@article {van-der-Poorten-1978,
      author = {van der Poorten, Alfred},
         doi = {10.1007/BF03028234},
    fjournal = {The Mathematical Intelligencer},
        issn = {0343-6993},
     journal = {Math. Intelligencer},
    mrnumber = {547748},
        note = {An informal report},
      number = {4},
       pages = {195--203},
       title = {A proof that {E}uler missed{$\ldots $}{A}p\'ery's proof of the irrationality of {$\zeta (3)$}},
         url = {http://dx.doi.org/10.1007/BF03028234},
      volume = {1},
        year = {1979},
}

%%%%%%%%%%%%%%%%%%%%%%%%%%%%%%%%%%%%%%%%%%%%%%%%%%%%%%%%%%%%%%%%%%%%%%%%%%%%%%%%

@article {van-der-Waerden-30,
      author = {van der Waerden, Bartel L.},
         doi = {10.1007/BF01782350},
    fjournal = {Mathematische Annalen},
        issn = {0025-5831},
     journal = {Math. Ann.},
    mrnumber = {1512581},
      number = {1},
       pages = {337--362},
       title = {Topologische {B}egr\"undung des {K}alk\"uls der abz\"ahlenden {G}eometrie},
         url = {http://dx.doi.org/10.1007/BF01782350},
      volume = {102},
        year = {1930},
}

%%%%%%%%%%%%%%%%%%%%%%%%%%%%%%%%%%%%%%%%%%%%%%%%%%%%%%%%%%%%%%%%%%%%%%%%%%%%%%%%

@article {Verdier-Classe,
       author = {Verdier, Jean-Louis},
    booktitle = {S\'eminaire de g\'eom\'etrie analytique (\'Ecole {N}orm. {S}up., {P}aris, 1974-75)},
     mrnumber = {0447623},
        pages = {101--151. Ast\'erisque, No. 36--37},
    publisher = {Soc. Math. France, Paris},
        title = {Classe d'homologie associ\'ee \`a un cycle},
         year = {1976},
}

%%%%%%%%%%%%%%%%%%%%%%%%%%%%%%%%%%%%%%%%%%%%%%%%%%%%%%%%%%%%%%%%%%%%%%%%%%%%%%%%

@article {Verdier-thesis,
      author = {Verdier, Jean-Louis},
    fjournal = {Ast\'erisque},
        issn = {0303-1179},
     journal = {Ast\'erisque},
         key = {Verdier-th\`ese},
    mrnumber = {1453167},
        note = {With a preface by {L}uc {I}llusie, Edited and with a note by {G}eorges {M}altsiniotis},
      number = {239},
       pages = {xii+253 pp.},
       title = {Des cat\'egories d\'eriv\'ees des cat\'egories ab\'eliennes},
         url = {http://webusers.imj-prg.fr/~georges.maltsiniotis/jlv.html},
        year = {1996},
}

%%%%%%%%%%%%%%%%%%%%%%%%%%%%%%%%%%%%%%%%%%%%%%%%%%%%%%%%%%%%%%%%%%%%%%%%%%%%%%%%

@book {Voisin-Hodge-I,
       author = {Voisin, Claire},
          doi = {10.1017/CBO9780511615344},
         isbn = {0-521-80260-1},
     mrnumber = {1967689},
         note = {Translated from the French original by Leila Schneps},
        pages = {x+322},
    publisher = {Cambridge University Press, Cambridge},
       series = {Cambridge Studies in Advanced Mathematics},
        title = {Hodge theory and complex algebraic geometry. {I}},
          url = {http://dx.doi.org/10.1017/CBO9780511615344},
       volume = {76},
         year = {2002},
}

%%%%%%%%%%%%%%%%%%%%%%%%%%%%%%%%%%%%%%%%%%%%%%%%%%%%%%%%%%%%%%%%%%%%%%%%%%%%%%%%

@book {Washington-1997,
       author = {Washington, Lawrence C.},
          doi = {10.1007/978-1-4612-1934-7},
      edition = {Second},
         isbn = {0-387-94762-0},
     mrnumber = {1421575},
        pages = {xiv+487},
    publisher = {Springer-Verlag, New York},
       series = {Graduate Texts in Mathematics},
        title = {Introduction to cyclotomic fields},
          url = {http://dx.doi.org/10.1007/978-1-4612-1934-7},
       volume = {83},
         year = {1997},
}

%%%%%%%%%%%%%%%%%%%%%%%%%%%%%%%%%%%%%%%%%%%%%%%%%%%%%%%%%%%%%%%%%%%%%%%%%%%%%%%%

@incollection {Weibel-2005,
       author = {Weibel, Charles A.},
    booktitle = {Handbook of {$K$}-theory},
     mrnumber = {2181823},
        pages = {139--190},
    publisher = {Springer, Berlin},
        title = {Algebraic {K}-theory of rings of integers in local and global fields},
          url = {http://k-theory.org/handbook/},
       volume = {1},
         year = {2005},
}

%%%%%%%%%%%%%%%%%%%%%%%%%%%%%%%%%%%%%%%%%%%%%%%%%%%%%%%%%%%%%%%%%%%%%%%%%%%%%%%%

@book {Weibel-94,
       author = {Weibel, Charles A.},
          doi = {10.1017/CBO9781139644136},
         isbn = {0-521-43500-5; 0-521-55987-1},
     mrnumber = {1269324},
        pages = {xiv+450},
    publisher = {Cambridge University Press, Cambridge},
       series = {Cambridge Studies in Advanced Mathematics},
        title = {An introduction to homological algebra},
          url = {http://dx.doi.org/10.1017/CBO9781139644136},
       volume = {38},
         year = {1994},
}

%%%%%%%%%%%%%%%%%%%%%%%%%%%%%%%%%%%%%%%%%%%%%%%%%%%%%%%%%%%%%%%%%%%%%%%%%%%%%%%%

@book {Weissschuh-17,
      author = {Wei\ss{}schuh, Thomas},
    fjournal = {Manuscripta Mathematica},
        issn = {0025-2611},
     journal = {Manuscripta Math.},
    mrnumber = {3608294},
      number = {3-4},
       pages = {281--315},
       title = {A commutative regulator map into {D}eligne--{B}e\u\i{}linson cohomology},
         url = {https://doi.org/10.1007/s00229-016-0867-6},
      volume = {152},
        year = {2017},
}

%%%%%%%%%%%%%%%%%%%%%%%%%%%%%%%%%%%%%%%%%%%%%%%%%%%%%%%%%%%%%%%%%%%%%%%%%%%%%%%%

@article {Zudilin-2004,
      author = {Zudilin, Wadim},
    fjournal = {Journal de Th\'eorie des Nombres de Bordeaux},
        issn = {1246-7405},
     journal = {J. Th\'eor. Nombres Bordeaux},
    mrnumber = {2145585},
      number = {1},
       pages = {251--291},
       title = {Arithmetic of linear forms involving odd zeta values},
         url = {http://jtnb.cedram.org/item?id=JTNB_2004__16_1_251_0},
      volume = {16},
        year = {2004},
}

%%%%%%%%%%%%%%%%%%%%%%%%%%%%%%%%%%%%%%%%%%%%%%%%%%%%%%%%%%%%%%%%%%%%%%%%%%%%%%%%

